@article{smith2010,
    author = {Smith, John},
    title = {A Study on Important Topic},
    journal = {Journal of Important Research},
    year = {2010},
    volume = {25},
    pages = {123-135},
    doi = {10.1234/jir.2010.12345}
}

@inproceedings{jones2015,
    author = {Jones, Sarah and Brown, Michael},
    title = {New Approaches in Important Field},
    booktitle = {Proceedings of the International Conference on Important Studies},
    year = {2015},
    pages = {45-56}
}

@misc{website2020,
    author = {Organization Name},
    title = {Title of Webpage},
    year = {2020},
    howpublished = {\url{https://www.example.com}},
    note = {Accessed: September 30, 2023}
}

@book{johnson2008,
    author = {Johnson, Robert},
    title = {Important Book on Various Topics},
    year = {2008},
    publisher = {Publishing Company},
    address = {City}
}

@phdthesis{smith2005,
    author = {Smith, Emily},
    title = {A Comprehensive Study on an Important Subject},
    year = {2005},
    school = {University of Important Studies}
}
